@online{list_latex,
    author = "Overleaf",
    title = "Lists",
    url  = "https://es.overleaf.com/learn/latex/Lists",
    keywords = "latex,list"
}